@Misc{PngDoc,
  key    = "doc:libpng",
  author = "",
  title  = "{PNG} Specification, {W3C}/{ISO}/{IEC} version",
  publisher="W3C and ISO/IEC",
  year   = 2003,
  month  = nov,
  note   = "[cit. 2012-05-07].\\ <\url{http://www.libpng.org/pub/png/spec/iso/}>",
}

@Misc{SvgTiny11Doc,
  key    = "doc:w3csvgtiny11",
  author = "",
  title  = "{SVG} {T}iny 1.1 {S}pecification",
  publisher="W3C",
  year   = 2003,
  month  = jan,
  note   = "[cit. 2012-05-07].\\ <\url{http://www.w3.org/TR/SVGMobile11/}>",
}

@Misc{SvgTiny12Doc,
  key    = "doc:w3csvgtiny12",
  author = "",
  title  = "{SVG} {T}iny 1.2 {S}pecification",
  publisher="W3C",
  year   = 2008,
  month  = dec,
  note   = "[cit. 2012-05-07].\\ <\url{http://www.w3.org/TR/SVGMobile12/}>",
}

@Book{EsReDoc,
  key    = "doc:ecmaregexp",
  title  = "{ECMA}-262 --- {ECMAScript} Language Specification",
  organization= "Ecma International",
  address= "Geneva",
  year   = 2009,
  month  = dec,
  pages  = "179--196",
  note   = "[cit. 2012-05-07].\\ <\url{http://www.ecma-international.org/publications/files/ECMA-ST/ECMA-262.pdf}>",
}

@Misc{DataUrlDoc,
  key    = "doc:rfcdataurl",
  author = "",
  title  = "{RFC} 2397 --- {T}he data {URL} scheme",
  publisher="{N}etwork {W}orking {G}roup",
  year   = 1998,
  month  = aug,
  note   = "[cit. 2012-05-07].\\ <\url{http://tools.ietf.org/html/rfc2397}>",
}

@Misc{SvgParamsDoc,
  key    = "doc:w3csvgparameters",
  author = "",
  title  = "{SVG} {P}arameters 1.0, {P}art 1: {P}rimer",
  publisher="W3C",
  year   = 2009,
  month  = jun,
  note   = "[cit. 2012-05-07].\\ <\url{http://www.w3.org/TR/SVGParamPrimer/}>",
}

@Misc{FelPrecislovani,
  key    = "web:felprecislovani",
  author = "",
  title  = "Fakulta elektrotechnická --- {N}ové číslování místností",
  publisher="{ČVUT} {FEL}",
  note   = "[cit. 2012-05-07].\\ <\url{http://www.feld.cvut.cz/aktuality/2008/cislovani-mistnosti.xls}>",
}

@Misc{FelMistnosti,
  key    = "web:felrozvrh",
  author = "",
  title  = "Fakulta elektrotechnická --- {R}ozvrhy",
  publisher="{ČVUT} {FEL}",
  note   = "[cit. 2012-05-07].\\ <\url{https://www.feld.cvut.cz/education/rozvrhy-ng/public/cz/mistnosti/index.html}>",
}

@Misc{OperaMini,
  key    = "web:operamini",
  author = "",
  title  = "{O}pera {M}ini",
  publisher="{O}pera {S}oftware",
  note   = "[cit. 2012-05-07].\\ <\url{http://www.opera.com/mini/}>",
}

@Misc{OperaMiniDemo,
  key    = "web:operaminisimulator",
  author = "",
  title  = "{O}pera {M}ini {S}imulator",
  publisher="{O}pera {S}oftware",
  note   = "[cit. 2012-05-07].\\ <\url{http://www.opera.com/mini/demo/}>",
}

@Misc{SvgzAdobe,
  key    = "web:adobesvgzadobe",
  author = "",
  title  = "Saving compressed {SVG} ({SVGZ})",
  publisher="{A}dobe {S}ystems",
  note   = "[cit. 2012-05-07].\\ <\url{http://www.adobe.com/svg/illustrator/compressedsvg.html}>",
}

@Misc{SvgzFirefox,
  key    = "web:mozillasvgzfirefox",
  author = "",
  title  = "{M}ozilla {B}ug 52282 --- (ftp:// or file://) suffixes like (.gz) are {C}ontent-{E}ncoding (not {C}ontent-{T}ype)",
  note   = "[cit. 2012-05-07].\\ <\url{https://bugzilla.mozilla.org/show_bug.cgi?id=52282}>",
}

@Misc{PruvodceCvut,
  key    = "web:ryplpruvodcecvut",
  author = "Lukáš Rypl",
  title  = "{J2ME} midlety --- {M}obilní průvodce po {ČVUT} {FEL}",
  note   = "[cit. 2012-05-07].\\ <\url{http://lr.czechian.net/j2me/}>",
}

@Misc{BalsamiqMockups,
  key    = "web:balsamiqmockups",
  author = "",
  title  = "{B}alsamiq --- {M}ockups",
  publisher="{B}alsamiq",
  note   = "[cit. 2012-05-07].\\ <\url{http://balsamiq.com/products/mockups/}>",
}

@Misc{EventCompatibility,
  key    = "web:quirkseventcomp",
  author = "Peter-Paul Koch",
  title  = "{Q}uirks{M}ode --- {E}vent compatibility tables",
  note   = "[cit. 2012-05-07].\\ <\url{http://www.quirksmode.org/dom/events/}>",
}

@Book{Bakalarka,
  key    = "doc:bakalarka",
  author = "Jan Molnár",
  title  = "Mobilní navigační systém pro {FEL} {ČVUT}",
  publisher= "České vysoké učení technické v Praze, Fakulta elektrotechnická",
  year   = 2010,
  month  = may,
}

@Book{PruvodcePrvaka,
  key    = "doc:pruvodce",
  title  = "Průvodce prváka po {ČVUT}",
  publisher= "{IAESTE} {ČVUT} Praha",
  year   = 2011,
}

@Misc{PruvodcePrvakaPod,
  key    = "web:pruvodce:pod",
  author = "Studentská samospráva Podolí",
  title  = "Průvodce prváka po koleji Podolí",
  note   = "[cit. 2012-05-07].\\ <\url{http://pruvodce.pod.cvut.cz/}>",
}

@Misc{CvutNavigator,
  key    = "web:pruvodce:navigator",
  author = "Jiří Chludil and Marián Šuch and Václav Starý and Vojtěch Vopařil and Michal Skala and Tomáš Babják",
  title  = "ČVUT navigátor",
  note   = "[cit. 2012-05-07].\\ <\url{http://navigator.fit.cvut.cz/}>",
}

@Misc{Aiiso,
  key    = "web:ontologie:aiiso",
  author = "Rob Styles and Nadeem Shabir",
  title  = "{A}cademic {I}nstitution {I}nternal {S}tructure {O}ntology ({AIISO})",
  publisher= "{T}alis {I}nformation {L}td",
  year   = 2008,
  note   = "[cit. 2012-05-07].\\ <\url{http://purl.org/vocab/aiiso/schema}>",
}

@Misc{Hero,
  key    = "web:ontologie:hero",
  author = "Leila Zemmouchi-Ghomari ",
  title  = "{H}igher {E}ducation {R}eference {O}ntology ({HERO})",
  year   = 2012,
  note   = "[cit. 2012-05-07].\\ <\url{http://sourceforge.net/projects/heronto/}>",
}

@Misc{Lubm,
  key    = "web:ontologie:lubm",
  author = "Yuanbo Guo",
  title  = "{L}ehigh {U}niversity {B}enchmark",
  publisher= "{L}ehigh {U}niversity",
  note   = "[cit. 2012-05-07].\\ <\url{http://swat.cse.lehigh.edu/projects/lubm/}>",
}

@Misc{Shoe,
  key    = "web:ontologie:shoe",
  author = "Jim Hendler and Jeff Heflin and Sean Luke",
  title  = "SHOE",
  publisher= "{U}niversity of {M}aryland",
  year   = 2001,
  note   = "[cit. 2012-05-07].\\ <\url{http://www.cs.umd.edu/projects/plus/SHOE/}>",
}

@Misc{Weso,
  key    = "web:ontologie:weso",
  author = "Jose Emilio Labra Gayo",
  title  = "{U}niversity {O}ntology",
  publisher= "{U}niversidad de {O}viedo",
  year   = 2011,
  note   = "[cit. 2012-03-10].\\ <\url{http://purl.org/weso/uni}>",
}

@Misc{Node,
  key    = "web:defs:node",
  title  = "Node.js",
  publisher= "{J}oyent, {I}nc",
  year   = 2012,
  note   = "[cit. 2012-05-07]. <\url{http://nodejs.org/}>",
}

@Misc{NodeEncoding,
  key    = "web:refs:node:encoding",
  title  = "Node.js {M}anual \& {D}ocumentation",
  publisher= "{J}oyent, {I}nc",
  year   = 2012,
  note   = "[cit. 2012-05-07].\\ <\url{http://nodejs.org/api/all.html#all_buffer_1}>",
}


@Misc{Mongo,
  key    = "web:defs:mongo",
  title  = "MongoDB",
  publisher= "10gen, {I}nc.",
  year   = 2012,
  note   = "[cit. 2012-05-07]. <\url{http://www.mongodb.org/}>",
}

@Misc{CanIUse,
  key    = "web:refs:caniuse",
  author = "Alexis Deveria",
  title  = "When can {I} use\dots",
  year   = 2012,
  note   = "[cit. 2012-05-07].\\ <\url{http://caniuse.com/}>",
}

@Misc{MobileHtml,
  key    = "web:refs:mobilehtml5",
  author = "Maximiliano Firtman",
  title  = "Mobile {HTML}5",
  year   = 2012,
  note   = "[cit. 2012-05-07].\\ <\url{http://mobilehtml5.org/}>",
}

@Misc{Bugzilla,
  key    = "web:issues:mozilla",
  title  = "Bugzilla",
  publisher="Mozilla Foundation",
  year   = 2012,
  note   = " <\url{https://bugzilla.mozilla.org/}>",
}

@Misc{BugChromeTran,
  key    = "web:issues:chromium:transform",
  author = "Lukas Laag",
  title  = "SVG transform attribute does not work when manipulated from JavaScript",
  year   = 2010,
  month  = sep,
  note   = "[cit. 2012-05-07].\\ <\url{http://code.google.com/p/chromium/issues/detail?id=55010}>",
}

@Misc{BugChromeOrigin,
  key    = "web:issues:chromium:origin",
  author = "Justin Schuh",
  title  = "Allow a directory tree to be treated as a single origin",
  year   = 2010,
  month  = jun,
  note   = "[cit. 2012-05-07].\\ <\url{http://code.google.com/p/chromium/issues/detail?id=47416}>",
}

@Misc{PagesizeUseit,
  key    = "web:pagesize:useit",
  author = "Jakob Nielsen",
  title  = "Size Limits for Web Pages",
  year   = 1997,
  note   = "[cit. 2012-05-07].\\ <\url{http://www.useit.com/alertbox/sizelimits.html}>",
}

@Misc{IssueLiteral,
  key    = "web:issues:literal",
  author = "Jan Molnár and Antonio Garrote",
  title  = "rdfstore-js -- Issue \#26",
  year   = 2012,
  note   = "[cit. 2012-05-07].\\ <\url{https://github.com/antoniogarrote/rdfstore-js/issues/26}>",
}

@Misc{SvgInclusion,
  key    = "web:refs:svg",
  author = "David Dailey",
  title  = "An SVG Primer for Today's Browsers",
  year   = 2010,
  month  = sep,
  note   = "[cit. 2012-05-07].\\ <\url{http://www.w3.org/Graphics/SVG/IG/resources/svgprimer.html#SVG_in_HTML}>",
}

@Misc{JsIdentifiers,
  key    = "web:refs:es5",
  author = "",
  publisher="Ecma International",
  title  = "ECMAScript Language Specification",
  year   = 2011,
  month  = jun,
  note   = "[cit. 2012-05-07].\\ <\url{http://www.ecma-international.org/publications/standards/Ecma-262.htm}>",
}

@Misc{RdfStoreBenchmarking,
  key    = "web:refs:rdfstorebenchmarking",
  author = "",
  publisher="W3C",
  title  = "RDF Store Benchmarking ",
  year   = 2012,
  month  = apr,
  note   = "[cit. 2012-05-07].\\ <\url{http://www.w3.org/wiki/RdfStoreBenchmarking}>",
}
